@techreport{parliament2016,
author = "Parliament",
address = "publications.parliament.uk",
title = "Investigatory Powers Bill",
url = "http://www.publications.parliament.uk/pa/bills/lbill/2016-2017/0040/17040.pdf",
urldate = "2016-11-30",
year = "2016",
month = "06",
day = "04"
}
